@article{andersensimple,
    title={A Simple Introduction to Compressed Suffix Arrays},
    author={Andersen, David G}
}